{
    "summaryCards": {
      "totalUsers": 12000,
      "activeSessions": 8500,
      "revenue": 450000,
      "conversionRate": 4.2
    },
    "dateRangeData": {
      "2024-01-01_to_2024-01-30": {
        "lineChartData": [
          { "date": "2024-01-01", "performance": 130 },
          { "date": "2024-01-05", "performance": 140 },
          { "date": "2024-01-10", "performance": 145 },
          { "date": "2024-01-15", "performance": 155 },
          { "date": "2024-01-20", "performance": 165 },
          { "date": "2024-01-25", "performance": 170 },
          { "date": "2024-01-30", "performance": 180 }
        ],
        "barChartData": [
          { "category": "Electronics", "sales": 35000 },
          { "category": "Fashion", "sales": 18000 },
          { "category": "Home & Kitchen", "sales": 10000 },
          { "category": "Sports", "sales": 5000 }
        ],
        "userActivityLogs": [
          { "name": "John Doe", "action": "Logged in", "timestamp": "2024-01-05 10:30 AM" },
        { "name": "Emily Davis", "action": "Browsed products", "timestamp": "2024-01-15 11:45 AM" },
        { "name": "Michael Brown", "action": "Added item to cart", "timestamp": "2024-01-07 01:00 PM" },
        { "name": "Sarah Lee", "action": "Made a purchase", "timestamp": "2024-01-10 02:30 PM" },
        { "name": "Daniel White", "action": "Viewed category", "timestamp": "2024-01-12 03:45 PM" },
        { "name": "Anna Clark", "action": "Logged out", "timestamp": "2024-01-18 05:00 PM" },
        { "name": "Sophia Taylor", "action": "Browsed products", "timestamp": "2024-01-22 09:30 AM" }
      ]
      },
      "2024-02-01_to_2024-02-29": {
        "lineChartData": [
          { "date": "2024-02-01", "performance": 140 },
          { "date": "2024-02-05", "performance": 150 },
          { "date": "2024-02-10", "performance": 155 },
          { "date": "2024-02-15", "performance": 165 },
          { "date": "2024-02-20", "performance": 170 },
          { "date": "2024-02-25", "performance": 175 },
          { "date": "2024-02-29", "performance": 180 }
        ],
        "barChartData": [
          { "category": "Electronics", "sales": 32000 },
          { "category": "Fashion", "sales": 20000 },
          { "category": "Home & Kitchen", "sales": 12000 },
          { "category": "Sports", "sales": 7000 }
        ],
        "userActivityLogs": [
          { "name": "David Lee", "action": "Made a purchase", "timestamp": "2024-02-10 12:05 PM" },
        { "name": "Sophia Brown", "action": "Viewed category", "timestamp": "2024-02-15 12:25 PM" },
        { "name": "Lucas Martin", "action": "Browsed products", "timestamp": "2024-02-08 11:20 AM" },
        { "name": "Grace Hall", "action": "Added item to cart", "timestamp": "2024-02-12 04:10 PM" },
        { "name": "Emma Wilson", "action": "Made a purchase", "timestamp": "2024-02-18 03:00 PM" },
        { "name": "Oliver Smith", "action": "Logged in", "timestamp": "2024-02-21 01:30 PM" },
        { "name": "Mason White", "action": "Logged out", "timestamp": "2024-02-23 02:40 PM" }
      ]
      },
      "2024-03-01_to_2024-03-31": {
        "lineChartData": [
          { "date": "2024-03-01", "performance": 150 },
          { "date": "2024-03-05", "performance": 155 },
          { "date": "2024-03-10", "performance": 160 },
          { "date": "2024-03-15", "performance": 170 },
          { "date": "2024-03-20", "performance": 175 },
          { "date": "2024-03-25", "performance": 180 },
          { "date": "2024-03-31", "performance": 185 }
        ],
        "barChartData": [
          { "category": "Electronics", "sales": 40000 },
          { "category": "Fashion", "sales": 17000 },
          { "category": "Home & Kitchen", "sales": 14000 },
          { "category": "Sports", "sales": 8000 }
        ],
        "userActivityLogs": [
          { "name": "Olivia Garcia", "action": "Added item to cart", "timestamp": "2024-03-07 01:00 PM" },
        { "name": "Chris Martin", "action": "Logged out", "timestamp": "2024-03-22 01:30 PM" },
        { "name": "Jacob Turner", "action": "Browsed products", "timestamp": "2024-03-02 10:45 AM" },
        { "name": "Mia Parker", "action": "Made a purchase", "timestamp": "2024-03-12 03:25 PM" },
        { "name": "Ava Scott", "action": "Viewed category", "timestamp": "2024-03-18 02:15 PM" },
        { "name": "Ethan King", "action": "Logged in", "timestamp": "2024-03-24 04:00 PM" },
        { "name": "Isabella Moore", "action": "Browsed products", "timestamp": "2024-03-29 06:10 PM" }
      ]
      },
      "2024-04-01_to_2024-04-30": {
        "lineChartData": [
          { "date": "2024-04-01", "performance": 160 },
          { "date": "2024-04-05", "performance": 170 },
          { "date": "2024-04-10", "performance": 175 },
          { "date": "2024-04-15", "performance": 180 },
          { "date": "2024-04-20", "performance": 185 },
          { "date": "2024-04-25", "performance": 190 },
          { "date": "2024-04-30", "performance": 195 }
        ],
        "barChartData": [
          { "category": "Electronics", "sales": 45000 },
          { "category": "Fashion", "sales": 21000 },
          { "category": "Home & Kitchen", "sales": 15000 },
          { "category": "Sports", "sales": 10000 }
        ],
        "userActivityLogs": [
          { "name": "Alice Baker", "action": "Browsed products", "timestamp": "2024-04-12 02:00 PM" },
        { "name": "Ryan Scott", "action": "Made a purchase", "timestamp": "2024-04-18 02:30 PM" },
        { "name": "Emma Adams", "action": "Added item to cart", "timestamp": "2024-04-07 01:15 PM" },
        { "name": "Liam Harris", "action": "Logged out", "timestamp": "2024-04-09 11:30 AM" },
        { "name": "Harper Thompson", "action": "Browsed products", "timestamp": "2024-04-14 05:00 PM" },
        { "name": "Ella White", "action": "Made a purchase", "timestamp": "2024-04-20 03:45 PM" },
        { "name": "Logan Walker", "action": "Viewed category", "timestamp": "2024-04-25 02:00 PM" }
      ]
      },
      "2024-05-01_to_2024-05-31": {
        "lineChartData": [
          { "date": "2024-05-01", "performance": 170 },
          { "date": "2024-05-05", "performance": 180 },
          { "date": "2024-05-10", "performance": 185 },
          { "date": "2024-05-15", "performance": 190 },
          { "date": "2024-05-20", "performance": 195 },
          { "date": "2024-05-25", "performance": 200 },
          { "date": "2024-05-31", "performance": 210 }
        ],
        "barChartData": [
          { "category": "Electronics", "sales": 50000 },
          { "category": "Fashion", "sales": 23000 },
          { "category": "Home & Kitchen", "sales": 18000 },
          { "category": "Sports", "sales": 11000 }
        ],
        "userActivityLogs": [
          { "name": "Michael White", "action": "Made a purchase", "timestamp": "2024-05-10 04:00 PM" },
          { "name": "Grace Murphy", "action": "Added item to cart", "timestamp": "2024-05-18 03:15 PM" }
        ]
      },
      "2024-06-01_to_2024-06-30": {
        "lineChartData": [
          { "date": "2024-06-01", "performance": 180 },
          { "date": "2024-06-05", "performance": 190 },
          { "date": "2024-06-10", "performance": 200 },
          { "date": "2024-06-15", "performance": 210 },
          { "date": "2024-06-20", "performance": 215 },
          { "date": "2024-06-25", "performance": 220 },
          { "date": "2024-06-30", "performance": 230 }
        ],
        "barChartData": [
          { "category": "Electronics", "sales": 52000 },
          { "category": "Fashion", "sales": 24000 },
          { "category": "Home & Kitchen", "sales": 19000 },
          { "category": "Sports", "sales": 13000 }
        ],
        "userActivityLogs": [
          { "name": "Emma Green", "action": "Logged in", "timestamp": "2024-06-05 04:15 PM" },
          { "name": "Lucas Cooper", "action": "Logged out", "timestamp": "2024-06-12 03:30 PM" }
        ]
      },
      "2024-07-01_to_2024-07-31": {
        "lineChartData": [
          { "date": "2024-07-01", "performance": 190 },
          { "date": "2024-07-05", "performance": 200 },
          { "date": "2024-07-10", "performance": 210 },
          { "date": "2024-07-15", "performance": 220 },
          { "date": "2024-07-20", "performance": 230 },
          { "date": "2024-07-25", "performance": 235 },
          { "date": "2024-07-31", "performance": 240 }
        ],
        "barChartData": [
          { "category": "Electronics", "sales": 54000 },
          { "category": "Fashion", "sales": 26000 },
          { "category": "Home & Kitchen", "sales": 20000 },
          { "category": "Sports", "sales": 14000 }
        ],
        "userActivityLogs": [
          { "name": "Zoe Parker", "action": "Browsed products", "timestamp": "2024-07-08 05:00 PM" },
          { "name": "Noah Brooks", "action": "Made a purchase", "timestamp": "2024-07-18 06:30 PM" }
        ]
      },
          "2024-08-01_to_2024-08-31": {
        "lineChartData": [
          { "date": "2024-08-01", "performance": 200 },
          { "date": "2024-08-05", "performance": 210 },
          { "date": "2024-08-10", "performance": 220 },
          { "date": "2024-08-15", "performance": 230 },
          { "date": "2024-08-20", "performance": 235 },
          { "date": "2024-08-25", "performance": 240 },
          { "date": "2024-08-31", "performance": 250 }
        ],
        "barChartData": [
          { "category": "Electronics", "sales": 58000 },
          { "category": "Fashion", "sales": 28000 },
          { "category": "Home & Kitchen", "sales": 21000 },
          { "category": "Sports", "sales": 15000 }
        ],
        "userActivityLogs": [
          { "name": "Liam Watson", "action": "Browsed products", "timestamp": "2024-08-08 02:00 PM" },
          { "name": "Sophia Campbell", "action": "Added item to cart", "timestamp": "2024-08-18 03:30 PM" }
        ]
      },
      "2024-09-01_to_2024-09-30": {
        "lineChartData": [
          { "date": "2024-09-01", "performance": 210 },
          { "date": "2024-09-05", "performance": 220 },
          { "date": "2024-09-10", "performance": 230 },
          { "date": "2024-09-15", "performance": 240 },
          { "date": "2024-09-20", "performance": 250 },
          { "date": "2024-09-25", "performance": 255 },
          { "date": "2024-09-30", "performance": 260 }
        ],
        "barChartData": [
          { "category": "Electronics", "sales": 60000 },
          { "category": "Fashion", "sales": 30000 },
          { "category": "Home & Kitchen", "sales": 22000 },
          { "category": "Sports", "sales": 16000 }
        ],
        "userActivityLogs": [
          { "name": "James Hall", "action": "Made a purchase", "timestamp": "2024-09-10 01:30 PM" },
          { "name": "Mia Allen", "action": "Browsed products", "timestamp": "2024-09-12 02:15 PM" }
        ]
      },
      "2024-10-01_to_2024-10-31": {
        "lineChartData": [
          { "date": "2024-10-01", "performance": 220 },
          { "date": "2024-10-05", "performance": 230 },
          { "date": "2024-10-10", "performance": 240 },
          { "date": "2024-10-15", "performance": 250 },
          { "date": "2024-10-20", "performance": 255 },
          { "date": "2024-10-25", "performance": 260 },
          { "date": "2024-10-31", "performance": 270 }
        ],
        "barChartData": [
          { "category": "Electronics", "sales": 62000 },
          { "category": "Fashion", "sales": 32000 },
          { "category": "Home & Kitchen", "sales": 23000 },
          { "category": "Sports", "sales": 17000 }
        ],
        "userActivityLogs": [
          { "name": "Charlotte Adams", "action": "Browsed products", "timestamp": "2024-10-15 04:30 PM" },
          { "name": "Elijah Nelson", "action": "Made a purchase", "timestamp": "2024-10-25 05:15 PM" }
        ]
      },
      "2024-11-01_to_2024-11-30": {
        "lineChartData": [
          { "date": "2024-11-01", "performance": 230 },
          { "date": "2024-11-05", "performance": 240 },
          { "date": "2024-11-10", "performance": 250 },
          { "date": "2024-11-15", "performance": 260 },
          { "date": "2024-11-20", "performance": 270 },
          { "date": "2024-11-25", "performance": 275 },
          { "date": "2024-11-30", "performance": 280 }
        ],
        "barChartData": [
          { "category": "Electronics", "sales": 65000 },
          { "category": "Fashion", "sales": 34000 },
          { "category": "Home & Kitchen", "sales": 24000 },
          { "category": "Sports", "sales": 18000 }
        ],
        "userActivityLogs": [
          { "name": "Daniel Roberts", "action": "Logged in", "timestamp": "2024-11-05 10:00 AM" },
          { "name": "Evelyn Wright", "action": "Made a purchase", "timestamp": "2024-11-15 11:00 AM" }
        ]
      },
      "2024-12-01_to_2024-12-31": {
        "lineChartData": [
          { "date": "2024-12-01", "performance": 240 },
          { "date": "2024-12-05", "performance": 250 },
          { "date": "2024-12-10", "performance": 260 },
          { "date": "2024-12-15", "performance": 270 },
          { "date": "2024-12-20", "performance": 280 },
          { "date": "2024-12-25", "performance": 290 },
          { "date": "2024-12-31", "performance": 300 }
        ],
        "barChartData": [
          { "category": "Electronics", "sales": 70000 },
          { "category": "Fashion", "sales": 35000 },
          { "category": "Home & Kitchen", "sales": 25000 },
          { "category": "Sports", "sales": 19000 }
        ],
        "userActivityLogs": [
          { "name": "Henry Phillips", "action": "Added item to cart", "timestamp": "2024-12-08 12:30 PM" },
          { "name": "Isabella Turner", "action": "Made a purchase", "timestamp": "2024-12-20 01:15 PM" }
        ]
      }
    }
  }
  